<?xml version="1.0" encoding="UTF-8"?><collection xmlns="http://www.loc.gov/MARC21/slim"><record><leader>00377nam--2200133-i-4500</leader><controlfield tag="001">000003620</controlfield><controlfield tag="002">20161230</controlfield><controlfield tag="005">20161230201025</controlfield><controlfield tag="008">060222s1000------------r-----000-0-eng-d</controlfield><datafield ind1=" " ind2=" " tag="080"><subfield code="a">621.3(076.5)=59</subfield></datafield><datafield ind1=" " ind2=" " tag="100"><subfield code="a">Ciocionica, V., Sotirescu, N</subfield></datafield><datafield ind1=" " ind2=" " tag="245"><subfield code="a">Exercitii de electrotehnica</subfield></datafield><datafield ind1=" " ind2=" " tag="260"><subfield code="a">Bucuresti, Edit.Energetica De Stat, 1953. 257(259)P.Cu Ilustr.+ Erata</subfield></datafield><datafield ind1=" " ind2=" " tag="852"><subfield code="a">3176</subfield></datafield></record></collection>